@misc{Batista2004a,
  author = {Batista, G. E. and Prati, R. C. and Monard, M. C.},
  title = {A study of the behavior of several methods for balancing machine learning training data},
  journal = {ACM SIGKDD Explorations Newsletter},
  volume = {6},
  number = {1},
  pages = {20--29},
  year = {2004},
  doi = {10.1145/1007730.1007735}
}

@article{BenjaminiHochberg1995,
  author    = {Yoav Benjamini and Yosef Hochberg},
  title     = {Controlling the False Discovery Rate: A Practical and Powerful Approach to Multiple Testing},
  journal   = {Journal of the Royal Statistical Society},
  series    = {Series B (Methodological)},
  volume    = {57},
  pages     = {289--300},
  year      = {1995}
}


@misc{Deshpande2023,
  author = {Ryan Yee and Sameer K. Deshpande},
  title = {Evaluating plate discipline in Major League Baseball with Bayesian Additive Regression Trees},
  note = {arXiv:2305.05752 [stat.AP]},
  year = {2023},
  doi = {10.48550/arXiv.2305.05752}
}

@book{DeRenne2007,
  author  = {Coop DeRenne},
  title = {The Scientific Approach to Hitting: Research Explores the Most Difficult Skill in Sport},
  publisher = {University Readers},
  year = {2007}
}

@article{Escamilla2009a,
  author  = {Rafael F. Escamilla and Glenn S. Fleisig and Coop DeRenne and Mark K. Taylor and C. T. Moorman III and R. Imamura and E. Barakatt and James R. Andrews},
  title   = {A Comparison of Age Level on Baseball Hitting Kinematics},
  journal = {Journal of Applied Biomechanics},
  volume  = {25},
  pages   = {210--218},
  year    = {2009}
}

@article{Escamilla2009b,
  author  = {Rafael F. Escamilla and Glenn S. Fleisig and Coop DeRenne and Mark K. Taylor and C. T. Moorman III and R. Imamura and E. Barakatt and James R. Andrews},
  title   = {Effects of Bat Grip on Baseball Hitting Kinematics},
  journal = {Journal of Applied Biomechanics},
  volume  = {25},
  pages   = {203--209},
  year    = {2009}
}



@article{Friedman2001,
  author = {Friedman, J. H.},
  title = {Greedy function approximation: a gradient boosting machine},
  journal = {Annals of Statistics},
  pages = {1189--1232},
  year = {2001}
}

@article{Jin2020,
  author = {Jin, D. and Lu, Y. and Qin, J. and Cheng, Z. and Mao, Z.},
  title = {Swiftids: Real-time intrusion detection system based on lightgbm and parallel intrusion detection mechanism},
  journal = {Comput. Secur.},
  volume = {97},
  pages = {101984},
  year = {2020},
  doi = {10.1016/j.cose.2020.101984}
}

@misc{Lundberg2020,
  author = {Lundberg, S. M. and others},
  title = {From local explanations to global understanding with explainable AI for trees},
  journal = {Nat. Mach. Intell.},
  volume = {2},
  number = {1},
  pages = {56--67},
  year = {2020},
  doi = {10.1038/s42256-019-0138-9}
}

@misc{MicrosoftLightGBM,
  author = {Microsoft},
  title = {LightGBM},
  year = {2016},
  howpublished = {\url{https://www.microsoft.com/en-us/research/project/lightgbm/}},
  note = {Accessed: March 13, 2023}
}
@article{Nakata2013,
  author    = {Hiroshi Nakata and Atsushi Miura and Michiyoshi Yoshie and Kazuyuki Kanosue and Keiichi Kudo},
  title     = {Electromyographic Analysis of Lower Limbs During Baseball Batting},
  journal   = {Journal of Strength and Conditioning Research},
  volume    = {27},
  pages     = {1179--1187},
  year      = {2013}
}


@article{Saeed2020,
  author = {Saeed, Salman M. and others},
  title = {An efficient boosted C5.0 decision-tree-based classification approach for detecting non-technical losses in power utilities},
  journal = {Energies},
  volume = {13},
  number = {12},
  pages = {3242},
  year = {2020},
  doi = {10.3390/en13123242}
}
@online{Slowinski2010,
  author    = {Paul Slowinski},
  title     = {Plate Discipline},
  year      = {2010},
  url       = {https://library.fangraphs.com/offense/plate-discipline/},
  urldate   = {The date you accessed the webpage},  % Replace with the actual date you accessed this page
  note      = {Available online at Fangraphs Library}
}


@misc{Yashiki,
  author = {Koji Yashiki and Yoshiyuki Nakazono},
  title = {To Swing or Not to Swing? Reference Point and Professional Baseball Players},
  howpublished = {ESRI Discussion Paper Series No.354},
  organization = {Graduate School of International Management, Yokohama City University},
  year = {Accessed date not provided}
}
